<collection xmlns="http://www.loc.gov/MARC21/slim">
<record>
  <leader>01271nam0a22002171i 450 </leader>
  <controlfield tag="001">IT\ICCU\CNCE\070254</controlfield>
  <controlfield tag="005">20080505000000.0</controlfield>
  <datafield tag="012" ind1=" " ind2=" ">
    <subfield code="a">Om++ ++++ ++++ ++++ (S) 1569 (Q)</subfield>
    <subfield code="2">fei</subfield>
  </datafield>
  <datafield tag="100" ind1=" " ind2=" ">
    <subfield code="a">20070416f1569        0itac0103    ba</subfield>
  </datafield>
  <datafield tag="101" ind1=" " ind2=" ">
    <subfield code="a">LAT</subfield>
  </datafield>
  <datafield tag="102" ind1=" " ind2=" ">
    <subfield code="a">IT</subfield>
  </datafield>
  <datafield tag="200" ind1="1" ind2=" ">
    <subfield code="a">D.o.m. \auctoritate et permissione d. Jo. Bap.te Marchesani Romani publice Roman ̆et antiquissim ̆Accademi ̆Eustathi ̆rectoris meritiss.i Celsus Pasius Bonon. Accademicus Eustathius infrascriptas conclusiones! studiosissimis Accademicis disputandas proponit</subfield>
  </datafield>
  <datafield tag="210" ind1=" " ind2=" ">
    <subfield code="d">\1569!</subfield>
  </datafield>
  <datafield tag="215" ind1=" " ind2=" ">
    <subfield code="a">1 manifesto</subfield>
    <subfield code="d">atl</subfield>
  </datafield>
  <datafield tag="300" ind1=" " ind2=" ">
    <subfield code="a">Tesi e dispute di scolari e dottori dello Studio bolognese. Tesi in diritto civile suddivise in dodici punti. Discussione: 11 marzo 1569. - Titolo manoscritto; a stampa solo l&apos;abbreviazione DOM e lo stemma della citt ̉di Roma. - Per la data cfr.: Z. Zanardi, Ancora sulle tesi dei lettori dello Studio bolognese: una raccolta sconosciuta del XVI secolo, in &quot;La Bibliofilia&quot;, CV (2003), n. 2, p. 151</subfield>
  </datafield>
  <datafield tag="620" ind1=" " ind2=" ">
    <subfield code="a">IT</subfield>
    <subfield code="d">Roma</subfield>
  </datafield>
  <datafield tag="700" ind1=" " ind2="1">
    <subfield code="a">Pasi,</subfield>
    <subfield code="b">Celso</subfield>
    <subfield code="3">IT\ICCU\CNCA\027936</subfield>
  </datafield>
  <datafield tag="712" ind1="0" ind2="2">
    <subfield code="a">s.n.</subfield>
    <subfield code="3">IT\ICCU\CNCT\000002</subfield>
    <subfield code="4">650</subfield>
  </datafield>
  <datafield tag="790" ind1=" " ind2="1">
    <subfield code="a">Pasius,</subfield>
    <subfield code="b">Celsus</subfield>
    <subfield code="3">IT\ICCU\CNCA\027937</subfield>
    <subfield code="z">Pasi, Celso</subfield>
  </datafield>
  <datafield tag="801" ind1=" " ind2="3">
    <subfield code="a">IT</subfield>
    <subfield code="b">ICCU</subfield>
    <subfield code="c">20201115</subfield>
  </datafield>
  <datafield tag="899" ind1=" " ind2=" ">
    <subfield code="a">Archivio di Stato di Bologna. Bologna</subfield>
    <subfield code="1">BO0514</subfield>
    <subfield code="2">ZBO 24</subfield>
  </datafield>
</record>
</collection>
